% example .bib file for use with projectpaper.tex

@Misc{Peano,
  author = {Tobias Weinzierl and others},
  title  = {Peano---a {F}ramework for {PDE} {S}olvers on {S}pacetree {G}rids},
  url    = {http://www.peano-framework.org},
  year   = {2018},
  note   = {http://www.peano-framework.org}
}

@online{ExaHyPE,
  author = {ExaHyPE},
  title = {Exascale Hyperbolic PDE Engine},
  year = {2015},
  url = {http://exahype.eu}
}

@book{Paraview,
  author = {Ayachit, Utkarsh},
  title = {The ParaView Guide: A Parallel Visualization Application},
  year = {2015},
  OPTpublisher = {Kitware},
  OPTisbn = {978-1930934306}
}

@Misc{SCI:SCIRun,
  author =    {SCI Institute},
  year =      {2016},
  note =      {SCIRun: A Scientific Computing Problem Solving Environment, Scientific Computing and Imaging Institute (SCI), Download from: http://www.scirun.org},
  keywords =  {SCIRun, CIBC}
}

@online{SCIRun2,
  author = {David M. Weinstein},
  title = {Visualization in the SCIRun Problem Solving Environment},
  year = {2016},
  url = {http://www-rev.sci.utah.edu/publications/dmw05/chapter-rev4.pdf}
}

@online{VisIt,
  author = {ASCI},
  title = {VisIt},
  year = {2002},
  url = {https://wci.llnl.gov/simulation/computer-codes/visit/},
  OPTorganization = {Department of Energy (DOE) Advanced Simulation and Computing Initiative (ASCI)}
}

@article{Dongarra,
  author = {Dongarra and others},
  title = {The International Exascale Software Project Roadmap},
  journal = {High Performance Computer Applications},
  date = {February  2011},
  volume = {25},
  number = {1},
  month = feb,
  year = {2011},
  issn = {1094-3420},
  pages = {3--60},
  numpages = {58},
  url = {http://dx.doi.org/10.1177/1094342010391989},
  doi = {10.1177/1094342010391989},
  acmid = {1943339},
  publisher = {Sage Publications, Inc.},
  address = {Thousand Oaks, CA, USA},
  keywords = {exascale computing, high-performance computing, software stack}
}


@article{DUBEY20143217,
  title = {A survey of high level frameworks in block-structured adaptive mesh refinement packages},
  journal = {Journal of Parallel and Distributed Computing},
  volume = {74},
  number = {12},
  pages = {3217 - 3227},
  year = {2014},
  note = {Domain-Specific Languages and High-Level Frameworks for High-Performance Computing},
  issn = {0743-7315},
  doi = {https://doi.org/10.1016/j.jpdc.2014.07.001},
  url = {http://www.sciencedirect.com/science/article/pii/S0743731514001178},
  author = {Anshu Dubey and others},
  keywords = {SAMR, BoxLib, Chombo, FLASH, Cactus, Enzo, Uintah}
}

@article{TransMemory,
  author = {Tim Harris, James Larus, Ravi Rajwar},
  title = {Transactional Memory, 2nd edition},
  journal = {Synthesis Lectures on Computer Architecture},
  volume = {5},
  number = {1},
  pages = {1-263},
  year = {2010},
  doi = {10.2200/S00272ED1V01Y201006CAC011},
  URL = {https://doi.org/10.2200/S00272ED1V01Y201006CAC011},
  eprint = {https://doi.org/10.2200/S00272ED1V01Y201006CAC011}
}

@article{ValuePredictionTechniques,
  author = {Sparsh Mittal},
  title = {A Survey of Value Prediction Techniques for Leveraging Value Locality},
  journal = {Wiley InterScience},
  year = {2017},
  doi = {10.1002/cpe},
  URL = {https://www.academia.edu/33619227/A\_Survey\_of\_Value\_Prediction\_Techniques\_for\_Leveraging\_Value\_Locality}
}

@techreport{MPI,
 author = {Forum, Message P},
 title = {MPI: A Message-Passing Interface Standard},
 year = {1994},
 source = {http://www.ncstrl.org:8900/ncstrl/servlet/search?formname=detail\&id=oai%3Ancstrlh%3Autk\_cs%3Ancstrl.utk\_cs%2F%2FUT-CS-94-230},
 publisher = {University of Tennessee},
 address = {Knoxville, TN, USA}
}

@inproceedings{Lorensen:1987:MCH:37401.37422,
 author = {Lorensen, William E. and Cline, Harvey E.},
 title = {Marching Cubes: A High Resolution 3D Surface Construction Algorithm},
 booktitle = {Proceedings of the 14th Annual Conference on Computer Graphics and Interactive Techniques},
 series = {SIGGRAPH '87},
 year = {1987},
 isbn = {0-89791-227-6},
 pages = {163--169},
 numpages = {7},
 url = {http://doi.acm.org/10.1145/37401.37422},
 doi = {10.1145/37401.37422},
 acmid = {37422},
 publisher = {ACM},
 address = {New York, NY, USA}
}

@article{Lorensen:1987:MCH:37402.37422,
 author = {Lorensen, William E. and Cline, Harvey E.},
 title = {Marching Cubes: A High Resolution 3D Surface Construction Algorithm},
 journal = {SIGGRAPH Comput. Graph.},
 issue_date = {July 1987},
 volume = {21},
 number = {4},
 month = aug,
 year = {1987},
 issn = {0097-8930},
 pages = {163--169},
 numpages = {7},
 url = {http://doi.acm.org/10.1145/37402.37422},
 doi = {10.1145/37402.37422},
 acmid = {37422},
 publisher = {ACM},
 address = {New York, NY, USA}
}

@ONLINE{hdf5,
    author = {{The HDF Group}},
    title = "{Hierarchical Data Format, version 5}",
    year = {1997-2018},
    note = {http://www.hdfgroup.org/HDF5/}
}

@online{hdfexplorer,
author = {},
title = {HDF Explorer},
year = {2017},
url = {https://www.hdfeos.org/software/hdfexplorer.php},
OPTorganization = {The HDF Group}
}
